@article{Herzog2018,
    title = {{Data-Driven Modeling and Prediction of Complex Spatio-Temporal Dynamics in Excitable Media}},
    year = {2018},
    journal = {Frontiers in Applied Mathematics and Statistics},
    author = {Herzog, Sebastian and W{\"{o}}rg{\"{o}}tter, Florentin and Parlitz, Ulrich},
    number = {December},
    pages = {1--10},
    volume = {4},
    doi = {10.3389/fams.2018.00060},
    issn = {22974687},
    keywords = {artificial neural network, cardiac arrhythmias, conditional random fields, cross-estimation, deep learning, excitable media, non-linear observer, spatio-temporal chaos}
}

@article{Fenton2002,
    title = {{Multiple mechanisms of spiral wave breakup in a model of cardiac electrical activity}},
    year = {2002},
    journal = {Chaos},
    author = {Fenton, Flavio H. and Cherry, Elizabeth M. and Hastings, Harold M. and Evans, Steven J.},
    number = {3},
    month = {9},
    pages = {852--892},
    volume = {12},
    url = {http://aip.scitation.org/doi/10.1063/1.1504242},
    doi = {10.1063/1.1504242},
    issn = {10541500}
}

@article{Fenton1998,
    title = {{Vortex dynamics in three-dimensional continuous myocardium with fiber rotation: Filament instability and fibrillation}},
    year = {1998},
    journal = {Chaos: An Interdisciplinary Journal of Nonlinear Science},
    author = {Fenton, Flavio and Karma, Alain},
    number = {1},
    pages = {20--47},
    volume = {8},
    doi = {10.1063/1.166311},
    issn = {1054-1500}
}

@article{Abdi2019AEstimation,
    title = {{A compact matrix model for atrial electrograms for tissue conductivity estimation}},
    year = {2019},
    journal = {Computers in Biology and Medicine},
    author = {Abdi, Bahareh and Hendriks, Richard C. and van der Veen, Alle Jan and de Groot, Natasja M.S.},
    month = {4},
    pages = {284--291},
    volume = {107},
    publisher = {Elsevier Ltd},
    doi = {10.1016/j.compbiomed.2019.02.012},
    issn = {18790534},
    pmid = {30901616},
    keywords = {Atrial fibrillation, Conductivity estimation, Electrode array, Electrograms, Electrophysiological model, Inverse problem, Reaction-diffusion equation}
}

@article{Iyer2004AMyocyte,
    title = {{A computational model of the human left-ventricular epicardial myocyte}},
    year = {2004},
    journal = {Biophysical Journal},
    author = {Iyer, Vivek and Mazhari, Reza and Winslow, Raimond L.},
    number = {3},
    pages = {1507--1525},
    volume = {87},
    publisher = {Biophysical Society},
    url = {https://pubmed.ncbi.nlm.nih.gov/15345532/},
    doi = {10.1529/biophysj.104.043299},
    issn = {00063495},
    pmid = {15345532},
    keywords = {Algorithms, Arrhythmias, Biophysical Phenomena, Biophysics*, Calcium / chemistry, Calcium / metabolism, Calcium Channels / chemistry, Calcium-Transporting ATPases / metabolism, Cardiac / pathology, Heart Ventricles / anatomy {\&} histology*, Humans, Ions, Kinetics, MEDLINE, Markov Chains, Models, NCBI, NIH, NLM, National Center for Biotechnology Information, National Institutes of Health, National Library of Medicine, Non-U.S. Gov't, P.H.S., PMC1304558, Potassium / chemistry, PubMed Abstract, Raimond L Winslow, Research Support, Reza Mazhari, Sarcoplasmic Reticulum Calcium-Transporting ATPase, Sodium / chemistry, Software, Statistical, Theoretical, Time Factors, U.S. Gov't, Ventricular Function*, Vivek Iyer, doi:10.1529/biophysj.104.043299, pmid:15345532}
}

@article{Stanziola2020AUltrasound,
    title = {{A Helmholtz equation solver using unsupervised learning: Application to transcranial ultrasound}},
    year = {2020},
    author = {Stanziola, Antonio and Arridge, Simon R. and Cox, Ben T. and Treeby, Bradley E.},
    month = {10},
    url = {http://arxiv.org/abs/2010.15761},
    arxivId = {2010.15761},
    keywords = {K eywords}
}

@article{Williams1989ANetworks,
    title = {{A Learning Algorithm for Continually Running Fully Recurrent Neural Networks}},
    year = {1989},
    journal = {Neural Computation},
    author = {Williams, Ronald J. and Zipser, David},
    number = {2},
    month = {6},
    pages = {270--280},
    volume = {1},
    publisher = {MIT Press - Journals},
    url = {http://direct.mit.edu/neco/article-pdf/1/2/270/811849/neco.1989.1.2.270.pdf},
    doi = {10.1162/neco.1989.1.2.270},
    issn = {0899-7667}
}

@inproceedings{Kingma2015Adam:Optimization,
    title = {{Adam: A method for stochastic optimization}},
    year = {2015},
    booktitle = {3rd International Conference on Learning Representations, ICLR 2015 - Conference Track Proceedings},
    author = {Kingma, Diederik P. and Ba, Jimmy Lei},
    month = {12},
    publisher = {International Conference on Learning Representations, ICLR},
    url = {https://arxiv.org/abs/1412.6980v9},
    arxivId = {1412.6980}
}

@techreport{Rowland2020AdaptiveLearning,
    title = {{Adaptive Trade-Offs in Off-Policy Learning}},
    year = {2020},
    author = {Rowland, Mark and Dabney, Will and Munos, RÃ©mi}
}

@incollection{Mayourian2018AnArrhythmogenicity,
    title = {{An introduction to computational modeling of cardiac electrophysiology and arrhythmogenicity}},
    year = {2018},
    booktitle = {Methods in Molecular Biology},
    author = {Mayourian, Joshua and Sobie, Eric A. and Costa, Kevin D.},
    pages = {17--35},
    volume = {1816},
    publisher = {Humana Press Inc.},
    url = {/pmc/articles/PMC6561094/ /pmc/articles/PMC6561094/?report=abstract https://www.ncbi.nlm.nih.gov/pmc/articles/PMC6561094/},
    doi = {10.1007/978-1-4939-8597-5{\_}2},
    issn = {10643745},
    pmid = {29987808},
    keywords = {Arrhythmias, Cardiac electrophysiology, Ion channels, Models of disease, Quantitative systems pharmacology, Systems biology, Torsades de pointes}
}

@article{Verma2015ApproachesFibrillation,
    title = {{Approaches to Catheter Ablation for Persistent Atrial Fibrillation}},
    year = {2015},
    journal = {New England Journal of Medicine},
    author = {Verma, Atul and Jiang, Chen-yang and Betts, Timothy R. and Chen, Jian and Deisenhofer, Isabel and Mantovan, Roberto and Macle, Laurent and Morillo, Carlos A. and Haverkamp, Wilhelm and Weerasooriya, Rukshen and Albenque, Jean-Paul and Nardi, Stefano and Menardi, Endrj and Novak, Paul and Sanders, Prashanthan},
    number = {19},
    month = {5},
    pages = {1812--1822},
    volume = {372},
    publisher = {New England Journal of Medicine (NEJM/MMS)},
    url = {http://www.nejm.org/doi/10.1056/NEJMoa1408288},
    doi = {10.1056/nejmoa1408288},
    issn = {0028-4793},
    pmid = {25946280}
}

@article{Dupont2019AugmentedODEs,
    title = {{Augmented neural ODEs}},
    year = {2019},
    journal = {arXiv},
    author = {Dupont, Emilien and Doucet, Arnaud and Teh, Yee Whye},
    month = {4},
    publisher = {arXiv},
    url = {http://arxiv.org/abs/1904.01681},
    issn = {23318422},
    arxivId = {1904.01681}
}

@misc{P.J.Werbos1990BackpropagationIt,
    title = {{Backpropagation Through Time: What It Does and How to Do It}},
    year = {1990},
    booktitle = {Proceedings of the IEEE},
    author = {{P.J. Werbos}},
    number = {10},
    pages = {1550 - 1560},
    volume = {78},
    url = {http://ieeexplore.ieee.org/document/58337/?reload=true},
    keywords = {P.J. Werbos}
}

@techreport{Ioffe2015BatchShift,
    title = {{Batch normalization: Accelerating deep network training by reducing internal covariate shift}},
    year = {2015},
    booktitle = {32nd International Conference on Machine Learning, ICML 2015},
    author = {Ioffe, Sergey and Szegedy, Christian},
    month = {6},
    pages = {448--456},
    volume = {1},
    publisher = {PMLR},
    url = {http://proceedings.mlr.press/v37/ioffe15.html},
    isbn = {9781510810587},
    issn = {1938-7228},
    arxivId = {1502.03167}
}

@inproceedings{Ioffe2015BatchShiftb,
    title = {{Batch normalization: Accelerating deep network training by reducing internal covariate shift}},
    year = {2015},
    booktitle = {32nd International Conference on Machine Learning, ICML 2015},
    author = {Ioffe, Sergey and Szegedy, Christian},
    month = {2},
    pages = {448--456},
    volume = {1},
    publisher = {International Machine Learning Society (IMLS)},
    url = {https://arxiv.org/abs/1502.03167v3},
    isbn = {9781510810587},
    arxivId = {1502.03167},
    keywords = {()}
}

@inproceedings{TenTusscher2006ComparisonTissues,
    title = {{Comparison of electrophysiological models for human ventricular cells and tissues}},
    year = {2006},
    booktitle = {Progress in Biophysics and Molecular Biology},
    author = {Ten Tusscher, Kirsten H.W.J. and Bernus, Olivier and Hren, Rok and Panfilov, Alexander V.},
    number = {1-3},
    month = {1},
    pages = {326--345},
    volume = {90},
    publisher = {Prog Biophys Mol Biol},
    url = {https://pubmed.ncbi.nlm.nih.gov/16002127/},
    doi = {10.1016/j.pbiomolbio.2005.05.015},
    issn = {00796107},
    pmid = {16002127},
    keywords = {Arrhythmia, Electrophysiology, Human ventricular cell, Mathematical model, Re-entry}
}

@techreport{Hwang2005Complex-periodicInhomogeneities,
    title = {{Complex-periodic spiral waves in confluent cardiac cell cultures induced by localized inhomogeneities}},
    year = {2005},
    booktitle = {Proceedings of the National Academy of Sciences of the United States of America},
    author = {Hwang, Seong Min and Kim, Tae Yun and Lee, Kyoung J.},
    number = {29},
    pages = {10363--10368},
    volume = {102},
    url = {www.pnas.orgcgidoi10.1073pnas.0501539102},
    doi = {10.1073/pnas.0501539102},
    issn = {00278424},
    pmid = {15985555},
    keywords = {Arrhythmia, Cardiac spiral waves, Complex oscillations}
}

@techreport{Shi2015ConvolutionalNowcasting,
    title = {{Convolutional LSTM network: A machine learning approach for precipitation nowcasting}},
    year = {2015},
    booktitle = {Advances in Neural Information Processing Systems},
    author = {Shi, Xingjian and Chen, Zhourong and Wang, Hao and Yeung, Dit Yan and Wong, Wai Kin and Woo, Wang Chun},
    pages = {802--810},
    volume = {2015-Janua},
    issn = {10495258},
    arxivId = {1506.04214}
}

@techreport{Kim2019DeepSimulations,
    title = {{Deep Fluids: A Generative Network for Parameterized Fluid Simulations}},
    year = {2019},
    booktitle = {Computer Graphics Forum},
    author = {Kim, Byungsoo and Azevedo, Vinicius C. and Thuerey, Nils and Kim, Theodore and Gross, Markus and Solenthaler, Barbara},
    number = {2},
    pages = {59--70},
    volume = {38},
    doi = {10.1111/cgf.13619},
    issn = {14678659},
    arxivId = {1806.02071},
    keywords = {CCS Concepts, Neural networks, â¢ Computing methodologies â Physical simulation}
}

@inproceedings{He2016DeepRecognition,
    title = {{Deep residual learning for image recognition}},
    year = {2016},
    booktitle = {Proceedings of the IEEE Computer Society Conference on Computer Vision and Pattern Recognition},
    author = {He, Kaiming and Zhang, Xiangyu and Ren, Shaoqing and Sun, Jian},
    month = {12},
    pages = {770--778},
    volume = {2016-Decem},
    publisher = {IEEE Computer Society},
    isbn = {9781467388504},
    doi = {10.1109/CVPR.2016.90},
    issn = {10636919},
    arxivId = {1512.03385}
}

@inproceedings{He2016DeepRecognitionb,
    title = {{Deep residual learning for image recognition}},
    year = {2016},
    booktitle = {Proceedings of the IEEE Computer Society Conference on Computer Vision and Pattern Recognition},
    author = {He, Kaiming and Zhang, Xiangyu and Ren, Shaoqing and Sun, Jian},
    month = {12},
    pages = {770--778},
    volume = {2016-Decem},
    publisher = {IEEE Computer Society},
    url = {http://image-net.org/challenges/LSVRC/2015/},
    isbn = {9781467388504},
    doi = {10.1109/CVPR.2016.90},
    issn = {10636919},
    arxivId = {1512.03385}
}

@article{Jaeger2008ESNTutorialRev.pdf,
    title = {{ESNTutorialRev.pdf}},
    year = {2008},
    author = {Jaeger, Herbert},
    pages = {1--46},
    volume = {2002}
}

@article{Martins2006EstimatingAlgorithms,
    title = {{Estimating conductivity distribution of transmural wedges of the ventricle using parallel genetic algorithms}},
    year = {2006},
    journal = {Computers in Cardiology},
    author = {Martins, D. M.S. and Xavier, C. R. and Santos, E. P. and Vieira, V. F. and Oliveira, R. S. and Weber Dos Santos, Rodrigo},
    pages = {49--52},
    volume = {33},
    isbn = {1424425328},
    issn = {02766574}
}

@article{Clevert2016FastELUs,
    title = {{Fast and accurate deep network learning by exponential linear units (ELUs)}},
    year = {2016},
    journal = {4th International Conference on Learning Representations, ICLR 2016 - Conference Track Proceedings},
    author = {Clevert, Djork ArnÃ© and Unterthiner, Thomas and Hochreiter, Sepp},
    month = {11},
    publisher = {International Conference on Learning Representations, ICLR},
    url = {http://arxiv.org/abs/1511.07289},
    arxivId = {1511.07289}
}

@article{Zhang2019FixupNormalization,
    title = {{Fixup initialization: Residual learning without normalization}},
    year = {2019},
    journal = {arXiv},
    author = {Zhang, Hongyi and Dauphin, Yann N. and Ma, Tengyu},
    month = {1},
    publisher = {arXiv},
    url = {http://arxiv.org/abs/1901.09321},
    issn = {23318422},
    arxivId = {1901.09321}
}

@article{Raissi2018HiddenEquations,
    title = {{Hidden physics models: Machine learning of nonlinear partial differential equations}},
    year = {2018},
    journal = {Journal of Computational Physics},
    author = {Raissi, Maziar and Karniadakis, George Em},
    month = {3},
    pages = {125--141},
    volume = {357},
    publisher = {Academic Press Inc.},
    doi = {10.1016/j.jcp.2017.11.039},
    issn = {10902716},
    arxivId = {1708.00588},
    keywords = {Bayesian modeling, Fractional equations, Probabilistic machine learning, Small data, System identification, Uncertainty quantification}
}

@article{Cantwell2014High-orderElectrophysiology,
    title = {{High-order spectral/hp element discretisation for reaction-diffusion problems on surfaces: Application to cardiac electrophysiology}},
    year = {2014},
    journal = {Journal of Computational Physics},
    author = {Cantwell, Chris D. and Yakovlev, Sergey and Kirby, Robert M. and Peters, Nicholas S. and Sherwin, Spencer J.},
    month = {1},
    pages = {813--829},
    volume = {257},
    publisher = {Academic Press Inc.},
    doi = {10.1016/j.jcp.2013.10.019},
    issn = {10902716},
    keywords = {Cardiac electrophysiology, Continuous Galerkin method, High-order finite elements, Monodomain equation, Spectral/hp elements, Surface PDE}
}

@misc{IEEEXplore,
    title = {{IEEE Xploreæç´¢ç»æ}},
    url = {https://ieeexplore.ieee.org/search/searchresult.jsp?newsearch=true&queryText=âRANSAC-Based DARCES: A New Approach to Fast Automatic Registration of Partially Overlapping Range Images}
}

@article{Bar-Sinai2019LearningEquations,
    title = {{Learning data-driven discretizations for partial differential equations}},
    year = {2019},
    journal = {Proceedings of the National Academy of Sciences of the United States of America},
    author = {Bar-Sinai, Yohai and Hoyer, Stephan and Hickey, Jason and Brenner, Michael P.},
    number = {31},
    month = {7},
    pages = {15344--15349},
    volume = {116},
    publisher = {National Academy of Sciences},
    url = {www.pnas.org/cgi/doi/10.1073/pnas.1814058116},
    doi = {10.1073/pnas.1814058116},
    issn = {10916490},
    pmid = {31311866},
    arxivId = {1808.04930},
    keywords = {Coarse graining, Computational physics, Machine learning}
}

@techreport{Kelly2020LearningSolve,
    title = {{Learning differential equations that are easy to solve}},
    year = {2020},
    booktitle = {arXiv},
    author = {Kelly, Jacob and Bettencourt, Jesse and Johnson, Matthew James and Duvenaud, David},
    pages = {4370--4380},
    volume = {33},
    issn = {23318422},
    arxivId = {2007.04504}
}

@article{Bengio1994LearningDifficult,
    title = {{Learning Long-Term Dependencies with Gradient Descent is Difficult}},
    year = {1994},
    journal = {IEEE Transactions on Neural Networks},
    author = {Bengio, Yoshua and Simard, Patrice and Frasconi, Paolo},
    number = {2},
    pages = {157--166},
    volume = {5},
    doi = {10.1109/72.279181},
    issn = {19410093},
    pmid = {18267787}
}

@article{Hochreiter1997LongMemory,
    title = {{Long Short-Term Memory}},
    year = {1997},
    journal = {Neural Computation},
    author = {Hochreiter, Sepp and Schmidhuber, JÃ¼rgen},
    number = {8},
    month = {11},
    pages = {1735--1780},
    volume = {9},
    publisher = {MIT Press Journals},
    url = {https://direct.mit.edu/neco/article/9/8/1735-1780/6109},
    doi = {10.1162/neco.1997.9.8.1735},
    issn = {08997667},
    pmid = {9377276}
}

@book{Keener2013MathematicalPhysiology,
    title = {{Mathematical Physiology}},
    year = {2013},
    booktitle = {Computers and Mathematics with Applications},
    author = {Keener, James and Sneyd, James},
    number = {9},
    pages = {1627--1642},
    volume = {66},
    isbn = {9780387758466},
    doi = {10.1016/j.camwa.2013.03.019},
    issn = {08981221},
    keywords = {Cortical folding, Growing domain, Morphology, Pattern formation, Reaction-diffusion system, Turing system}
}

@misc{Zeldovich1985MathematicalExplosions.,
    title = {{Mathematical Theory of Combustion and Explosions.}},
    year = {1985},
    booktitle = {Math Theory of Combust and Explos},
    author = {Zeldovich, Yakov Borisovich and Barenblatt, G. I. and Librovich, V. B. and Makhviladze, G. M.},
    month = {1},
    publisher = {Consultants Bureau,New York, NY},
    isbn = {0306109743},
    doi = {10.1016/0010-2180(87)90152-0},
    issn = {00102180},
    keywords = {* - combustion, pyrolysis, {\&} high-temperature chem, chemical reactions, combustion, combustion chambers, diffusion, dispersions, explosions, flame propagation, fluid flow, inorganic, organic, physical and analytical chemis, kinetics, laminar flow, mathematics, mixtures, oxidation, reaction kinetics, thermochemical processes, wave propagation}
}

@article{Bueno-Orovio2008MinimalTissue,
    title = {{Minimal model for human ventricular action potentials in tissue}},
    year = {2008},
    journal = {Journal of Theoretical Biology},
    author = {Bueno-Orovio, Alfonso and Cherry, Elizabeth M. and Fenton, Flavio H.},
    number = {3},
    month = {8},
    pages = {544--560},
    volume = {253},
    publisher = {Academic Press},
    doi = {10.1016/j.jtbi.2008.03.029},
    issn = {00225193},
    pmid = {18495166},
    keywords = {Computer simulation, Human ventricular cell modeling, Reentrant arrhythmias, Restitution properties, Spiral waves}
}

@article{Zhang2017Mixup:Minimization,
    title = {{Mixup: Beyond empirical risk minimization}},
    year = {2017},
    journal = {arXiv},
    author = {Zhang, Hongyi and Cisse, Moustapha and Dauphin, Yann N. and Lopez-Paz, David},
    month = {10},
    publisher = {arXiv},
    url = {http://arxiv.org/abs/1710.09412},
    issn = {23318422},
    arxivId = {1710.09412}
}

@misc{Clayton2011ModelsQuestions,
    title = {{Models of cardiac tissue electrophysiology: Progress, challenges and open questions}},
    year = {2011},
    booktitle = {Progress in Biophysics and Molecular Biology},
    author = {Clayton, R. H. and Bernus, O. and Cherry, E. M. and Dierckx, H. and Fenton, F. H. and Mirabella, L. and Panfilov, A. V. and Sachse, F. B. and Seemann, G. and Zhang, H.},
    number = {1-3},
    month = {1},
    pages = {22--48},
    volume = {104},
    publisher = {Pergamon},
    doi = {10.1016/j.pbiomolbio.2010.05.008},
    issn = {00796107},
    pmid = {20553746}
}

@article{Pascanu2013OnNetworks,
    title = {{On the difficulty of training recurrent neural networks}},
    year = {2013},
    journal = {30th International Conference on Machine Learning, ICML 2013},
    author = {Pascanu, Razvan and Mikolov, Tomas and Bengio, Yoshua},
    number = {PART 3},
    month = {11},
    pages = {2347--2355},
    publisher = {International Machine Learning Society (IMLS)},
    url = {http://arxiv.org/abs/1211.5063},
    arxivId = {1211.5063}
}

@article{Knauf2018OrdinaryEquations,
    title = {{Ordinary Differential Equations}},
    year = {2018},
    journal = {UNITEXT - La Matematica per il 3 piu 2},
    author = {Knauf, Andreas},
    number = {NeurIPS},
    month = {6},
    pages = {31--60},
    volume = {109},
    url = {http://arxiv.org/abs/1806.07366},
    doi = {10.1007/978-3-662-55774-7{\_}3},
    issn = {20385757},
    arxivId = {1806.07366}
}

@article{Long2019PDE-NetNetwork,
    title = {{PDE-Net 2.0: Learning PDEs from data with a numeric-symbolic hybrid deep network}},
    year = {2019},
    journal = {Journal of Computational Physics},
    author = {Long, Zichao and Lu, Yiping and Dong, Bin},
    month = {12},
    pages = {108925},
    volume = {399},
    publisher = {Academic Press Inc.},
    doi = {10.1016/j.jcp.2019.108925},
    issn = {10902716},
    arxivId = {1812.04426},
    keywords = {Convolutional neural network, Dynamic system, Partial differential equations, Symbolic neural network}
}

@article{SahliCostabal2020Physics-InformedMapping,
    title = {{Physics-Informed Neural Networks for Cardiac Activation Mapping}},
    year = {2020},
    journal = {Frontiers in Physics},
    author = {Sahli Costabal, Francisco and Yang, Yibo and Perdikaris, Paris and Hurtado, Daniel E. and Kuhl, Ellen},
    month = {2},
    pages = {42},
    volume = {8},
    publisher = {Frontiers Media S.A.},
    url = {https://www.frontiersin.org/article/10.3389/fphy.2020.00042/full},
    doi = {10.3389/fphy.2020.00042},
    issn = {2296424X},
    keywords = {Eikonal equation, active learning, atrial fibrillation, cardiac electrophysiology, electro-anatomic mapping, machine learning, physics-informed neural networks, uncertainty quantification}
}

@article{Raissi2019Physics-informedEquations,
    title = {{Physics-informed neural networks: A deep learning framework for solving forward and inverse problems involving nonlinear partial differential equations}},
    year = {2019},
    journal = {Journal of Computational Physics},
    author = {Raissi, M. and Perdikaris, P. and Karniadakis, G. E.},
    month = {2},
    pages = {686--707},
    volume = {378},
    publisher = {Academic Press Inc.},
    doi = {10.1016/j.jcp.2018.10.045},
    issn = {10902716},
    keywords = {Data-driven scientific computing, Machine learning, Nonlinear dynamics, Predictive modeling, RungeâKutta methods}
}

@inproceedings{Sudeep2017PreprocessingNetworks,
    title = {{Preprocessing for image classification by convolutional neural networks}},
    year = {2017},
    booktitle = {2016 IEEE International Conference on Recent Trends in Electronics, Information and Communication Technology, RTEICT 2016 - Proceedings},
    author = {Sudeep, K. S. and Pal, Kuntal Kumar},
    month = {1},
    pages = {1778--1781},
    publisher = {Institute of Electrical and Electronics Engineers Inc.},
    isbn = {9781509007745},
    doi = {10.1109/RTEICT.2016.7808140},
    keywords = {CIFAR10, Convolutional neural network, Normalization, Preprocessing, Standardization, ZCA}
}

@inproceedings{Schaul2016PrioritizedReplay,
    title = {{Prioritized experience replay}},
    year = {2016},
    booktitle = {4th International Conference on Learning Representations, ICLR 2016 - Conference Track Proceedings},
    author = {Schaul, Tom and Quan, John and Antonoglou, Ioannis and Silver, David},
    month = {11},
    publisher = {International Conference on Learning Representations, ICLR},
    url = {https://arxiv.org/abs/1511.05952v4},
    arxivId = {1511.05952}
}

@article{Li2020ReactionNetwork,
    title = {{Reaction diffusion system prediction based on convolutional neural network}},
    year = {2020},
    journal = {Scientific Reports},
    author = {Li, Angran and Chen, Ruijia and Farimani, Amir Barati and Zhang, Yongjie Jessica},
    number = {1},
    month = {12},
    pages = {1--9},
    volume = {10},
    publisher = {Nature Research},
    url = {https://doi.org/10.1038/s41598-020-60853-2},
    doi = {10.1038/s41598-020-60853-2},
    issn = {20452322},
    pmid = {32127569},
    keywords = {Computational science, Mechanical engineering}
}

@article{Zaremba2014RecurrentRegularization,
    title = {{Recurrent Neural Network Regularization}},
    year = {2014},
    author = {Zaremba, Wojciech and Sutskever, Ilya and Vinyals, Oriol},
    month = {9},
    url = {http://arxiv.org/abs/1409.2329},
    arxivId = {1409.2329},
    keywords = {()}
}

@article{Larkin2016ReflectionsImages,
    title = {{Reflections on Shannon Information: In search of a natural information-entropy for images}},
    year = {2016},
    author = {Larkin, Kieran G.},
    month = {9},
    url = {http://arxiv.org/abs/1609.01117},
    arxivId = {1609.01117}
}

@article{Cantwell2019RethinkingModelling,
    title = {{Rethinking multiscale cardiac electrophysiology with machine learning and predictive modelling}},
    year = {2019},
    journal = {Computers in Biology and Medicine},
    author = {Cantwell, Chris D. and Mohamied, Yumnah and Tzortzis, Konstantinos N. and Garasto, Stef and Houston, Charles and Chowdhury, Rasheda A. and Ng, Fu Siong and Bharath, Anil A. and Peters, Nicholas S.},
    month = {1},
    pages = {339--351},
    volume = {104},
    publisher = {Elsevier Ltd},
    doi = {10.1016/j.compbiomed.2018.10.015},
    issn = {18790534},
    pmid = {30442428},
    arxivId = {1810.04227},
    keywords = {Cardiac arrhythmia, Cardiac electrophysiology, Deep learning, Electrogram, Machine learning, Predictive modelling}
}

@article{Majumder2011Scroll-waveArchitecture,
    title = {{Scroll-wave dynamics in human cardiac tissue: Lessons from a mathematical model with inhomogeneities and fiber architecture}},
    year = {2011},
    journal = {PLoS ONE},
    author = {Majumder, Rupamanjari and Nayak, Alok Ranjan and Pandit, Rahul},
    number = {4},
    pages = {18052},
    volume = {6},
    publisher = {Public Library of Science},
    url = {www.plosone.org},
    doi = {10.1371/journal.pone.0018052},
    issn = {19326203},
    pmid = {21483682},
    keywords = {Anisotropy, Arrhythmia, Epicardium, Fibers, Heart, Mathematical models, Qualitative studies, Simulation and modeling}
}

@article{Lino2020SimulatingNetworks,
    title = {{Simulating surface wave dynamics with convolutional networks}},
    year = {2020},
    journal = {arXiv},
    author = {Lino, Mario and Cantwell, Chris and Fotiadis, Stathi and Pignatelli, Eduardo and Bharath, Anil Anthony},
    month = {12},
    publisher = {arXiv},
    url = {http://arxiv.org/abs/2012.00718},
    issn = {23318422},
    arxivId = {2012.00718}
}

@article{Han2018SolvingLearning,
    title = {{Solving high-dimensional partial differential equations using deep learning}},
    year = {2018},
    journal = {Proceedings of the National Academy of Sciences of the United States of America},
    author = {Han, Jiequn and Jentzen, Arnulf and Weinan, E.},
    number = {34},
    month = {8},
    pages = {8505--8510},
    volume = {115},
    publisher = {National Academy of Sciences},
    url = {www.pnas.org/cgi/doi/10.1073/pnas.1718942115},
    doi = {10.1073/pnas.1718942115},
    issn = {10916490},
    pmid = {30082389},
    arxivId = {1707.02568},
    keywords = {Backward stochastic differential equations, Deep learning, FeynmanâKac, High dimension, Partial differential equations}
}

@article{Shajahan2007Spiral-waveTissue,
    title = {{Spiral-wave dynamics depend sensitively on inhomogeneities in mathematical models of ventricular tissue}},
    year = {2007},
    journal = {Physical Review E - Statistical, Nonlinear, and Soft Matter Physics},
    author = {Shajahan, T. K. and Sinha, Sitabhra and Pandit, Rahul},
    number = {1},
    pages = {{\ss}},
    volume = {75},
    doi = {10.1103/PhysRevE.75.011929},
    issn = {15393755},
    keywords = {8715Aa, 8719Hh, PACS numbers}
}

@techreport{Abadi2016TensorFlow:Systems,
    title = {{TensorFlow: Large-Scale Machine Learning on Heterogeneous Distributed Systems}},
    year = {2016},
    author = {Abadi, MartÃ­n and Agarwal, Ashish and Barham, Paul and Brevdo, Eugene and Chen, Zhifeng and Citro, Craig and Corrado, Greg S. and Davis, Andy and Dean, Jeffrey and Devin, Matthieu and Ghemawat, Sanjay and Goodfellow, Ian and Harp, Andrew and Irving, Geoffrey and Isard, Michael and Jia, Yangqing and Jozefowicz, Rafal and Kaiser, Lukasz and Kudlur, Manjunath and Levenberg, Josh and Mane, Dan and Monga, Rajat and Moore, Sherry and Murray, Derek and Olah, Chris and Schuster, Mike and Shlens, Jonathon and Steiner, Benoit and Sutskever, Ilya and Talwar, Kunal and Tucker, Paul and Vanhoucke, Vincent and Vasudevan, Vijay and Viegas, Fernanda and Vinyals, Oriol and Warden, Pete and Wattenberg, Martin and Wicke, Martin and Yu, Yuan and Zheng, Xiaoqiang},
    url = {http://arxiv.org/abs/1603.04467},
    arxivId = {1603.04467}
}

@article{Bai2018TRELLISMODELING,
    title = {{TRELLIS NETWORKS for SEQUENCE MODELING}},
    year = {2018},
    journal = {arXiv},
    author = {Bai, Shaojie and Zico Kolter, J. and Koltun, Vladlen},
    month = {10},
    publisher = {arXiv},
    url = {http://arxiv.org/abs/1810.06682},
    issn = {23318422},
    arxivId = {1810.06682}
}

@book{Toole2013TuringDomains,
    title = {{Turing models of cortical folding on exponentially and logistically growing domains}},
    year = {2013},
    booktitle = {Computers and Mathematics with Applications},
    author = {Toole, Gregory and Hurdal, Monica K.},
    number = {9},
    pages = {1627--1642},
    volume = {66},
    isbn = {9780387758466},
    doi = {10.1016/j.camwa.2013.03.019},
    issn = {08981221},
    keywords = {Cortical folding, Growing domain, Morphology, Pattern formation, Reaction-diffusion system, Turing system}
}

@book{Toole2013TuringDomainsb,
    title = {{Turing models of cortical folding on exponentially and logistically growing domains}},
    year = {2013},
    booktitle = {Computers and Mathematics with Applications},
    author = {Toole, Gregory and Hurdal, Monica K.},
    number = {9},
    pages = {1627--1642},
    volume = {66},
    isbn = {9780387758466},
    doi = {10.1016/j.camwa.2013.03.019},
    issn = {08981221},
    keywords = {Cortical folding, Growing domain, Morphology, Pattern formation, Reaction-diffusion system, Turing system}
}

@article{Inan2017TyingModeling,
    title = {{Tying word vectors and word classifiers: A loss framework for language modeling}},
    year = {2017},
    journal = {5th International Conference on Learning Representations, ICLR 2017 - Conference Track Proceedings},
    author = {Inan, Hakan and Khosravi, Khashayar and Socher, Richard},
    month = {11},
    publisher = {International Conference on Learning Representations, ICLR},
    url = {http://arxiv.org/abs/1611.01462},
    arxivId = {1611.01462},
    keywords = {()}
}

@article{Press2017UsingModels,
    title = {{Using the output embedding to improve language models}},
    year = {2017},
    journal = {15th Conference of the European Chapter of the Association for Computational Linguistics, EACL 2017 - Proceedings of Conference},
    author = {Press, Ofir and Wolf, Lior},
    month = {8},
    pages = {157--163},
    volume = {2},
    publisher = {Association for Computational Linguistics (ACL)},
    url = {http://arxiv.org/abs/1608.05859},
    isbn = {9781510838604},
    doi = {10.18653/v1/e17-2025},
    arxivId = {1608.05859},
    keywords = {()}
}

@article{Keane2018WithDiagnosis,
    title = {{With an eye to AI and autonomous diagnosis}},
    year = {2018},
    journal = {npj Digital Medicine},
    author = {Keane, Pearse A. and Topol, Eric J.},
    number = {1},
    month = {12},
    pages = {1--3},
    volume = {1},
    publisher = {Springer Science and Business Media LLC},
    url = {http://creativecommons.},
    doi = {10.1038/s41746-018-0048-y},
    issn = {2398-6352},
    keywords = {Preventive medicine, Randomized controlled trials}
}